%YAML 1.1
%TAG !u! tag:unity3d.com,2011:
--- !u!1001 &100100000
Prefab:
  m_ObjectHideFlags: 1
  serializedVersion: 2
  m_Modification:
    m_TransformParent: {fileID: 0}
    m_Modifications: []
    m_RemovedComponents: []
  m_SourcePrefab: {fileID: 0}
  m_RootGameObject: {fileID: 1854945094994326}
  m_IsPrefabAsset: 1
--- !u!1 &1854945094994326
GameObject:
  m_ObjectHideFlags: 0
  m_CorrespondingSourceObject: {fileID: 0}
  m_PrefabInternal: {fileID: 100100000}
  serializedVersion: 6
  m_Component:
  - component: {fileID: 4997998387132794}
  - component: {fileID: 114806794935584294}
  - component: {fileID: 114865462047218434}
  - component: {fileID: 114401002692195218}
  - component: {fileID: 114411802127676958}
  - component: {fileID: 114411550273587206}
  m_Layer: 9
  m_Name: Detonate_Lv3
  m_TagString: Untagged
  m_Icon: {fileID: 0}
  m_NavMeshLayer: 0
  m_StaticEditorFlags: 0
  m_IsActive: 1
--- !u!4 &4997998387132794
Transform:
  m_ObjectHideFlags: 1
  m_CorrespondingSourceObject: {fileID: 0}
  m_PrefabInternal: {fileID: 100100000}
  m_GameObject: {fileID: 1854945094994326}
  m_LocalRotation: {x: 0, y: 0, z: 0, w: 1}
  m_LocalPosition: {x: 0, y: 0, z: 0}
  m_LocalScale: {x: 1, y: 1, z: 1}
  m_Children: []
  m_Father: {fileID: 0}
  m_RootOrder: 0
  m_LocalEulerAnglesHint: {x: 0, y: 0, z: 0}
--- !u!114 &114401002692195218
MonoBehaviour:
  m_ObjectHideFlags: 1
  m_CorrespondingSourceObject: {fileID: 0}
  m_PrefabInternal: {fileID: 100100000}
  m_GameObject: {fileID: 1854945094994326}
  m_Enabled: 1
  m_EditorHideFlags: 0
  m_Script: {fileID: 11500000, guid: eb395124ccf98d04aa816e8c086d441f, type: 3}
  m_Name: 
  m_EditorClassIdentifier: 
  damageType: 1
--- !u!114 &114411550273587206
MonoBehaviour:
  m_ObjectHideFlags: 1
  m_CorrespondingSourceObject: {fileID: 0}
  m_PrefabInternal: {fileID: 100100000}
  m_GameObject: {fileID: 1854945094994326}
  m_Enabled: 1
  m_EditorHideFlags: 0
  m_Script: {fileID: 11500000, guid: 612831c721bccb34b8e1a17bbb6c775f, type: 3}
  m_Name: 
  m_EditorClassIdentifier: 
  skillEffect: {fileID: 1440696729911434, guid: c0a9ffb89dd082f438a2ca68a8c5d7a3,
    type: 2}
  owningAbility: {fileID: 114806794935584294}
--- !u!114 &114411802127676958
MonoBehaviour:
  m_ObjectHideFlags: 1
  m_CorrespondingSourceObject: {fileID: 0}
  m_PrefabInternal: {fileID: 100100000}
  m_GameObject: {fileID: 1854945094994326}
  m_Enabled: 1
  m_EditorHideFlags: 0
  m_Script: {fileID: 11500000, guid: a09c1e43384b2884799368dd0246edba, type: 3}
  m_Name: 
  m_EditorClassIdentifier: 
  castTime: 0.5
  animationTime: 0.82
--- !u!114 &114806794935584294
MonoBehaviour:
  m_ObjectHideFlags: 1
  m_CorrespondingSourceObject: {fileID: 0}
  m_PrefabInternal: {fileID: 100100000}
  m_GameObject: {fileID: 1854945094994326}
  m_Enabled: 1
  m_EditorHideFlags: 0
  m_Script: {fileID: 11500000, guid: 78bf94c17ffd7824ba9ed52cdcf0ee41, type: 3}
  m_Name: 
  m_EditorClassIdentifier: 
  abilityName: Detonate
  abilityLevel: 3
  abilityDescription: Explode and damage everything around. Does maximum amount of
    damage and pushes back enemies even further.
  innerRadius: 5
  outerRadius: 25
  innerDamage: 30
  outerDamage: 15
  innerForce: 37.5
  outerForce: 15
  cooldown: {fileID: 114865462047218434}
  damage: {fileID: 114401002692195218}
  cast: {fileID: 114411802127676958}
  effect: {fileID: 114411550273587206}
--- !u!114 &114865462047218434
MonoBehaviour:
  m_ObjectHideFlags: 1
  m_CorrespondingSourceObject: {fileID: 0}
  m_PrefabInternal: {fileID: 100100000}
  m_GameObject: {fileID: 1854945094994326}
  m_Enabled: 1
  m_EditorHideFlags: 0
  m_Script: {fileID: 11500000, guid: 9d1c666745c54304c9dc5ff9c9a2b657, type: 3}
  m_Name: 
  m_EditorClassIdentifier: 
  coolDownTime: 9
