%YAML 1.1
%TAG !u! tag:unity3d.com,2011:
--- !u!1001 &100100000
Prefab:
  m_ObjectHideFlags: 1
  serializedVersion: 2
  m_Modification:
    m_TransformParent: {fileID: 0}
    m_Modifications: []
    m_RemovedComponents: []
  m_SourcePrefab: {fileID: 0}
  m_RootGameObject: {fileID: 1929195777662448}
  m_IsPrefabAsset: 1
--- !u!1 &1929195777662448
GameObject:
  m_ObjectHideFlags: 0
  m_CorrespondingSourceObject: {fileID: 0}
  m_PrefabInternal: {fileID: 100100000}
  serializedVersion: 6
  m_Component:
  - component: {fileID: 4286996143205240}
  - component: {fileID: 114674597844196776}
  - component: {fileID: 114117631638796818}
  - component: {fileID: 114018779006658576}
  - component: {fileID: 114415611058395352}
  m_Layer: 9
  m_Name: MeteorAI
  m_TagString: Untagged
  m_Icon: {fileID: 0}
  m_NavMeshLayer: 0
  m_StaticEditorFlags: 0
  m_IsActive: 1
--- !u!4 &4286996143205240
Transform:
  m_ObjectHideFlags: 1
  m_CorrespondingSourceObject: {fileID: 0}
  m_PrefabInternal: {fileID: 100100000}
  m_GameObject: {fileID: 1929195777662448}
  m_LocalRotation: {x: 0, y: 0, z: 0, w: 1}
  m_LocalPosition: {x: 0, y: 0, z: 0}
  m_LocalScale: {x: 1, y: 1, z: 1}
  m_Children: []
  m_Father: {fileID: 0}
  m_RootOrder: 0
  m_LocalEulerAnglesHint: {x: 0, y: 0, z: 0}
--- !u!114 &114018779006658576
MonoBehaviour:
  m_ObjectHideFlags: 1
  m_CorrespondingSourceObject: {fileID: 0}
  m_PrefabInternal: {fileID: 100100000}
  m_GameObject: {fileID: 1929195777662448}
  m_Enabled: 1
  m_EditorHideFlags: 0
  m_Script: {fileID: 11500000, guid: a09c1e43384b2884799368dd0246edba, type: 3}
  m_Name: 
  m_EditorClassIdentifier: 
  castTime: 1
  animationTime: 0.82
--- !u!114 &114117631638796818
MonoBehaviour:
  m_ObjectHideFlags: 1
  m_CorrespondingSourceObject: {fileID: 0}
  m_PrefabInternal: {fileID: 100100000}
  m_GameObject: {fileID: 1929195777662448}
  m_Enabled: 1
  m_EditorHideFlags: 0
  m_Script: {fileID: 11500000, guid: 9d1c666745c54304c9dc5ff9c9a2b657, type: 3}
  m_Name: 
  m_EditorClassIdentifier: 
  coolDownTime: 15
--- !u!114 &114415611058395352
MonoBehaviour:
  m_ObjectHideFlags: 1
  m_CorrespondingSourceObject: {fileID: 0}
  m_PrefabInternal: {fileID: 100100000}
  m_GameObject: {fileID: 1929195777662448}
  m_Enabled: 1
  m_EditorHideFlags: 0
  m_Script: {fileID: 11500000, guid: f6a29c862c978e8469c4dc87d84c9cf4, type: 3}
  m_Name: 
  m_EditorClassIdentifier: 
--- !u!114 &114674597844196776
MonoBehaviour:
  m_ObjectHideFlags: 1
  m_CorrespondingSourceObject: {fileID: 0}
  m_PrefabInternal: {fileID: 100100000}
  m_GameObject: {fileID: 1929195777662448}
  m_Enabled: 1
  m_EditorHideFlags: 0
  m_Script: {fileID: 11500000, guid: 4ec65cd93d16b1942b4cd5f54d198e4f, type: 3}
  m_Name: 
  m_EditorClassIdentifier: 
  abilityName: Meteor
  abilityLevel: 1
  abilityDescription: Drop a meteor at target location. Doesinitial imapct damage
    and rolls forward for more damage.
  fallTime: 1
  impactForce: 10
  impactRange: 10
  impactDamage: 10
  rollDamage: 5
  rollSpeed: 10
  rollDuration: 2
  targeting: {fileID: 114415611058395352}
  cooldown: {fileID: 114117631638796818}
  cast: {fileID: 114018779006658576}
