%YAML 1.1
%TAG !u! tag:unity3d.com,2011:
--- !u!1001 &100100000
Prefab:
  m_ObjectHideFlags: 1
  serializedVersion: 2
  m_Modification:
    m_TransformParent: {fileID: 0}
    m_Modifications: []
    m_RemovedComponents: []
  m_SourcePrefab: {fileID: 0}
  m_RootGameObject: {fileID: 1436491878795048}
  m_IsPrefabAsset: 1
--- !u!1 &1436491878795048
GameObject:
  m_ObjectHideFlags: 0
  m_CorrespondingSourceObject: {fileID: 0}
  m_PrefabInternal: {fileID: 100100000}
  serializedVersion: 6
  m_Component:
  - component: {fileID: 4100518747958546}
  - component: {fileID: 114084451309394830}
  - component: {fileID: 114281479756282226}
  - component: {fileID: 114597505170966946}
  - component: {fileID: 114743780741685630}
  m_Layer: 9
  m_Name: GravityWellAI
  m_TagString: Untagged
  m_Icon: {fileID: 0}
  m_NavMeshLayer: 0
  m_StaticEditorFlags: 0
  m_IsActive: 1
--- !u!4 &4100518747958546
Transform:
  m_ObjectHideFlags: 1
  m_CorrespondingSourceObject: {fileID: 0}
  m_PrefabInternal: {fileID: 100100000}
  m_GameObject: {fileID: 1436491878795048}
  m_LocalRotation: {x: 0, y: 0, z: 0, w: 1}
  m_LocalPosition: {x: 0, y: 0, z: 0}
  m_LocalScale: {x: 1, y: 1, z: 1}
  m_Children: []
  m_Father: {fileID: 0}
  m_RootOrder: 0
  m_LocalEulerAnglesHint: {x: 0, y: 0, z: 0}
--- !u!114 &114084451309394830
MonoBehaviour:
  m_ObjectHideFlags: 1
  m_CorrespondingSourceObject: {fileID: 0}
  m_PrefabInternal: {fileID: 100100000}
  m_GameObject: {fileID: 1436491878795048}
  m_Enabled: 1
  m_EditorHideFlags: 0
  m_Script: {fileID: 11500000, guid: a4995b493ea3352419037decbc48e705, type: 3}
  m_Name: 
  m_EditorClassIdentifier: 
  abilityName: GravityWell
  abilityLevel: 1
  abilityDescription: Spawn a well and pull all units towards the center.
  gravityWellPrefab: {fileID: 1169492287596392, guid: 846c2e36719a33544adcbbe1f278e423,
    type: 2}
  cooldown: {fileID: 114281479756282226}
  pointTargeting: {fileID: 114597505170966946}
  castAnimation: {fileID: 114743780741685630}
  castRange: 15
  setupTime: 2
  duration: 3
  innerRadius: 3
  innerForce: 15
  outerRadius: 15
  outerForce: 5
--- !u!114 &114281479756282226
MonoBehaviour:
  m_ObjectHideFlags: 1
  m_CorrespondingSourceObject: {fileID: 0}
  m_PrefabInternal: {fileID: 100100000}
  m_GameObject: {fileID: 1436491878795048}
  m_Enabled: 1
  m_EditorHideFlags: 0
  m_Script: {fileID: 11500000, guid: 9d1c666745c54304c9dc5ff9c9a2b657, type: 3}
  m_Name: 
  m_EditorClassIdentifier: 
  coolDownTime: 12
--- !u!114 &114597505170966946
MonoBehaviour:
  m_ObjectHideFlags: 1
  m_CorrespondingSourceObject: {fileID: 0}
  m_PrefabInternal: {fileID: 100100000}
  m_GameObject: {fileID: 1436491878795048}
  m_Enabled: 1
  m_EditorHideFlags: 0
  m_Script: {fileID: 11500000, guid: cb83f119bcc153a43b612c45dcef04c4, type: 3}
  m_Name: 
  m_EditorClassIdentifier: 
--- !u!114 &114743780741685630
MonoBehaviour:
  m_ObjectHideFlags: 1
  m_CorrespondingSourceObject: {fileID: 0}
  m_PrefabInternal: {fileID: 100100000}
  m_GameObject: {fileID: 1436491878795048}
  m_Enabled: 1
  m_EditorHideFlags: 0
  m_Script: {fileID: 11500000, guid: a09c1e43384b2884799368dd0246edba, type: 3}
  m_Name: 
  m_EditorClassIdentifier: 
  castTime: 0.6
  animationTime: 0.82
