%YAML 1.1
%TAG !u! tag:unity3d.com,2011:
--- !u!1001 &100100000
Prefab:
  m_ObjectHideFlags: 1
  serializedVersion: 2
  m_Modification:
    m_TransformParent: {fileID: 0}
    m_Modifications: []
    m_RemovedComponents: []
  m_SourcePrefab: {fileID: 0}
  m_RootGameObject: {fileID: 1996015555908958}
  m_IsPrefabAsset: 1
--- !u!1 &1996015555908958
GameObject:
  m_ObjectHideFlags: 0
  m_CorrespondingSourceObject: {fileID: 0}
  m_PrefabInternal: {fileID: 100100000}
  serializedVersion: 6
  m_Component:
  - component: {fileID: 4052413678805110}
  - component: {fileID: 114760424105602698}
  - component: {fileID: 114412962294601242}
  - component: {fileID: 114683202085681002}
  - component: {fileID: 114825992798230068}
  m_Layer: 9
  m_Name: GravityWell_Lv2
  m_TagString: Untagged
  m_Icon: {fileID: 0}
  m_NavMeshLayer: 0
  m_StaticEditorFlags: 0
  m_IsActive: 1
--- !u!4 &4052413678805110
Transform:
  m_ObjectHideFlags: 1
  m_CorrespondingSourceObject: {fileID: 0}
  m_PrefabInternal: {fileID: 100100000}
  m_GameObject: {fileID: 1996015555908958}
  m_LocalRotation: {x: 0, y: 0, z: 0, w: 1}
  m_LocalPosition: {x: 0, y: 0, z: 0}
  m_LocalScale: {x: 1, y: 1, z: 1}
  m_Children: []
  m_Father: {fileID: 0}
  m_RootOrder: 0
  m_LocalEulerAnglesHint: {x: 0, y: 0, z: 0}
--- !u!114 &114412962294601242
MonoBehaviour:
  m_ObjectHideFlags: 1
  m_CorrespondingSourceObject: {fileID: 0}
  m_PrefabInternal: {fileID: 100100000}
  m_GameObject: {fileID: 1996015555908958}
  m_Enabled: 1
  m_EditorHideFlags: 0
  m_Script: {fileID: 11500000, guid: 9d1c666745c54304c9dc5ff9c9a2b657, type: 3}
  m_Name: 
  m_EditorClassIdentifier: 
  coolDownTime: 10
--- !u!114 &114683202085681002
MonoBehaviour:
  m_ObjectHideFlags: 1
  m_CorrespondingSourceObject: {fileID: 0}
  m_PrefabInternal: {fileID: 100100000}
  m_GameObject: {fileID: 1996015555908958}
  m_Enabled: 1
  m_EditorHideFlags: 0
  m_Script: {fileID: 11500000, guid: 2a3f1eacbc6a80a47a39d0f2195316f2, type: 3}
  m_Name: 
  m_EditorClassIdentifier: 
--- !u!114 &114760424105602698
MonoBehaviour:
  m_ObjectHideFlags: 1
  m_CorrespondingSourceObject: {fileID: 0}
  m_PrefabInternal: {fileID: 100100000}
  m_GameObject: {fileID: 1996015555908958}
  m_Enabled: 1
  m_EditorHideFlags: 0
  m_Script: {fileID: 11500000, guid: a4995b493ea3352419037decbc48e705, type: 3}
  m_Name: 
  m_EditorClassIdentifier: 
  abilityName: GravityWell
  abilityLevel: 2
  abilityDescription: Spawn a well and pull all units towards the center.
  gravityWellPrefab: {fileID: 1169492287596392, guid: 846c2e36719a33544adcbbe1f278e423,
    type: 2}
  cooldown: {fileID: 114412962294601242}
  pointTargeting: {fileID: 114683202085681002}
  castAnimation: {fileID: 114825992798230068}
  castRange: 15
  setupTime: 2
  duration: 4
  innerRadius: 3
  innerForce: 30
  outerRadius: 19
  outerForce: 10
--- !u!114 &114825992798230068
MonoBehaviour:
  m_ObjectHideFlags: 1
  m_CorrespondingSourceObject: {fileID: 0}
  m_PrefabInternal: {fileID: 100100000}
  m_GameObject: {fileID: 1996015555908958}
  m_Enabled: 1
  m_EditorHideFlags: 0
  m_Script: {fileID: 11500000, guid: a09c1e43384b2884799368dd0246edba, type: 3}
  m_Name: 
  m_EditorClassIdentifier: 
  castTime: 0.5
  animationTime: 0.82
