%YAML 1.1
%TAG !u! tag:unity3d.com,2011:
--- !u!1001 &100100000
Prefab:
  m_ObjectHideFlags: 1
  serializedVersion: 2
  m_Modification:
    m_TransformParent: {fileID: 0}
    m_Modifications: []
    m_RemovedComponents: []
  m_SourcePrefab: {fileID: 0}
  m_RootGameObject: {fileID: 1411138266484028}
  m_IsPrefabAsset: 1
--- !u!1 &1411138266484028
GameObject:
  m_ObjectHideFlags: 0
  m_CorrespondingSourceObject: {fileID: 0}
  m_PrefabInternal: {fileID: 100100000}
  serializedVersion: 6
  m_Component:
  - component: {fileID: 4287487973049898}
  - component: {fileID: 114033799402720332}
  - component: {fileID: 114257251666648364}
  m_Layer: 9
  m_Name: SpellShield_Lv2
  m_TagString: Untagged
  m_Icon: {fileID: 0}
  m_NavMeshLayer: 0
  m_StaticEditorFlags: 0
  m_IsActive: 1
--- !u!4 &4287487973049898
Transform:
  m_ObjectHideFlags: 1
  m_CorrespondingSourceObject: {fileID: 0}
  m_PrefabInternal: {fileID: 100100000}
  m_GameObject: {fileID: 1411138266484028}
  m_LocalRotation: {x: 0, y: 0, z: 0, w: 1}
  m_LocalPosition: {x: 0, y: 0, z: 0}
  m_LocalScale: {x: 1, y: 1, z: 1}
  m_Children: []
  m_Father: {fileID: 0}
  m_RootOrder: 0
  m_LocalEulerAnglesHint: {x: 0, y: 0, z: 0}
--- !u!114 &114033799402720332
MonoBehaviour:
  m_ObjectHideFlags: 1
  m_CorrespondingSourceObject: {fileID: 0}
  m_PrefabInternal: {fileID: 100100000}
  m_GameObject: {fileID: 1411138266484028}
  m_Enabled: 1
  m_EditorHideFlags: 0
  m_Script: {fileID: 11500000, guid: b279bc327ff942a48a51b0b4ae7f802e, type: 3}
  m_Name: 
  m_EditorClassIdentifier: 
  abilityName: Spell Shield
  abilityLevel: 2
  abilityDescription: Become invulnerable for some time.
  cooldown: {fileID: 114257251666648364}
  duration: 4
  effectPrefab: {fileID: 1023383303988762, guid: 0dc8bf42bf95ce44fa4297ca6e6302ac,
    type: 2}
--- !u!114 &114257251666648364
MonoBehaviour:
  m_ObjectHideFlags: 1
  m_CorrespondingSourceObject: {fileID: 0}
  m_PrefabInternal: {fileID: 100100000}
  m_GameObject: {fileID: 1411138266484028}
  m_Enabled: 1
  m_EditorHideFlags: 0
  m_Script: {fileID: 11500000, guid: 9d1c666745c54304c9dc5ff9c9a2b657, type: 3}
  m_Name: 
  m_EditorClassIdentifier: 
  coolDownTime: 20
