%YAML 1.1
%TAG !u! tag:unity3d.com,2011:
--- !u!1001 &100100000
Prefab:
  m_ObjectHideFlags: 1
  serializedVersion: 2
  m_Modification:
    m_TransformParent: {fileID: 0}
    m_Modifications: []
    m_RemovedComponents: []
  m_SourcePrefab: {fileID: 0}
  m_RootGameObject: {fileID: 1230103566464528}
  m_IsPrefabAsset: 1
--- !u!1 &1230103566464528
GameObject:
  m_ObjectHideFlags: 0
  m_CorrespondingSourceObject: {fileID: 0}
  m_PrefabInternal: {fileID: 100100000}
  serializedVersion: 6
  m_Component:
  - component: {fileID: 4338472231974344}
  - component: {fileID: 114984923459302712}
  - component: {fileID: 114631007416341986}
  - component: {fileID: 114864214069301380}
  - component: {fileID: 114529531580213564}
  m_Layer: 9
  m_Name: TetherAI_Lv3
  m_TagString: Untagged
  m_Icon: {fileID: 0}
  m_NavMeshLayer: 0
  m_StaticEditorFlags: 0
  m_IsActive: 1
--- !u!4 &4338472231974344
Transform:
  m_ObjectHideFlags: 1
  m_CorrespondingSourceObject: {fileID: 0}
  m_PrefabInternal: {fileID: 100100000}
  m_GameObject: {fileID: 1230103566464528}
  m_LocalRotation: {x: 0, y: 0, z: 0, w: 1}
  m_LocalPosition: {x: 0, y: 0, z: 0}
  m_LocalScale: {x: 1, y: 1, z: 1}
  m_Children: []
  m_Father: {fileID: 0}
  m_RootOrder: 0
  m_LocalEulerAnglesHint: {x: 0, y: 0, z: 0}
--- !u!114 &114529531580213564
MonoBehaviour:
  m_ObjectHideFlags: 1
  m_CorrespondingSourceObject: {fileID: 0}
  m_PrefabInternal: {fileID: 100100000}
  m_GameObject: {fileID: 1230103566464528}
  m_Enabled: 1
  m_EditorHideFlags: 0
  m_Script: {fileID: 11500000, guid: cb83f119bcc153a43b612c45dcef04c4, type: 3}
  m_Name: 
  m_EditorClassIdentifier: 
--- !u!114 &114631007416341986
MonoBehaviour:
  m_ObjectHideFlags: 1
  m_CorrespondingSourceObject: {fileID: 0}
  m_PrefabInternal: {fileID: 100100000}
  m_GameObject: {fileID: 1230103566464528}
  m_Enabled: 1
  m_EditorHideFlags: 0
  m_Script: {fileID: 11500000, guid: 9d1c666745c54304c9dc5ff9c9a2b657, type: 3}
  m_Name: 
  m_EditorClassIdentifier: 
  coolDownTime: 20
--- !u!114 &114864214069301380
MonoBehaviour:
  m_ObjectHideFlags: 1
  m_CorrespondingSourceObject: {fileID: 0}
  m_PrefabInternal: {fileID: 100100000}
  m_GameObject: {fileID: 1230103566464528}
  m_Enabled: 1
  m_EditorHideFlags: 0
  m_Script: {fileID: 11500000, guid: a09c1e43384b2884799368dd0246edba, type: 3}
  m_Name: 
  m_EditorClassIdentifier: 
  castTime: 1
  animationTime: 0.82
--- !u!114 &114984923459302712
MonoBehaviour:
  m_ObjectHideFlags: 1
  m_CorrespondingSourceObject: {fileID: 0}
  m_PrefabInternal: {fileID: 100100000}
  m_GameObject: {fileID: 1230103566464528}
  m_Enabled: 1
  m_EditorHideFlags: 0
  m_Script: {fileID: 11500000, guid: 2876e93e84ba6ba42a93532ea96fcd54, type: 3}
  m_Name: 
  m_EditorClassIdentifier: 
  abilityName: Tether
  abilityLevel: 3
  abilityDescription: Two random units within range are linked together. They can't
    move away from each other.
  cooldown: {fileID: 114631007416341986}
  pointTargeting: {fileID: 114529531580213564}
  castAnimation: {fileID: 114864214069301380}
  castRadius: 25
  bindRadius: 20
  maxTetherDistance: 10
  duration: 5
