%YAML 1.1
%TAG !u! tag:unity3d.com,2011:
--- !u!1001 &100100000
Prefab:
  m_ObjectHideFlags: 1
  serializedVersion: 2
  m_Modification:
    m_TransformParent: {fileID: 0}
    m_Modifications: []
    m_RemovedComponents: []
  m_SourcePrefab: {fileID: 0}
  m_RootGameObject: {fileID: 1280335779110600}
  m_IsPrefabAsset: 1
--- !u!1 &1280335779110600
GameObject:
  m_ObjectHideFlags: 0
  m_CorrespondingSourceObject: {fileID: 0}
  m_PrefabInternal: {fileID: 100100000}
  serializedVersion: 6
  m_Component:
  - component: {fileID: 4353660017142174}
  - component: {fileID: 114421994485777482}
  - component: {fileID: 114482156294711184}
  - component: {fileID: 114906338181416422}
  - component: {fileID: 114098812305993164}
  - component: {fileID: 114799646553169144}
  m_Layer: 9
  m_Name: Teleport
  m_TagString: Ability
  m_Icon: {fileID: 0}
  m_NavMeshLayer: 0
  m_StaticEditorFlags: 0
  m_IsActive: 1
--- !u!4 &4353660017142174
Transform:
  m_ObjectHideFlags: 1
  m_CorrespondingSourceObject: {fileID: 0}
  m_PrefabInternal: {fileID: 100100000}
  m_GameObject: {fileID: 1280335779110600}
  m_LocalRotation: {x: 0, y: 0, z: 0, w: 1}
  m_LocalPosition: {x: 0, y: 0, z: 0}
  m_LocalScale: {x: 1, y: 1, z: 1}
  m_Children: []
  m_Father: {fileID: 0}
  m_RootOrder: 0
  m_LocalEulerAnglesHint: {x: 0, y: 0, z: 0}
--- !u!114 &114098812305993164
MonoBehaviour:
  m_ObjectHideFlags: 1
  m_CorrespondingSourceObject: {fileID: 0}
  m_PrefabInternal: {fileID: 100100000}
  m_GameObject: {fileID: 1280335779110600}
  m_Enabled: 1
  m_EditorHideFlags: 0
  m_Script: {fileID: 11500000, guid: 612831c721bccb34b8e1a17bbb6c775f, type: 3}
  m_Name: 
  m_EditorClassIdentifier: 
  skillEffect: {fileID: 1488924669996312, guid: 65a8e857832f26840924fd12394380a5,
    type: 2}
  owningAbility: {fileID: 114421994485777482}
--- !u!114 &114421994485777482
MonoBehaviour:
  m_ObjectHideFlags: 1
  m_CorrespondingSourceObject: {fileID: 0}
  m_PrefabInternal: {fileID: 100100000}
  m_GameObject: {fileID: 1280335779110600}
  m_Enabled: 1
  m_EditorHideFlags: 0
  m_Script: {fileID: 11500000, guid: 90a3d803546edaa43a300ce4947f3e1b, type: 3}
  m_Name: 
  m_EditorClassIdentifier: 
  abilityName: Teleport
  abilityLevel: 1
  abilityDescription: Blink to a target location within range.
  maxDistance: 20
  cooldown: {fileID: 114482156294711184}
  pointTargeting: {fileID: 114799646553169144}
  cast: {fileID: 114906338181416422}
  effect: {fileID: 114098812305993164}
--- !u!114 &114482156294711184
MonoBehaviour:
  m_ObjectHideFlags: 1
  m_CorrespondingSourceObject: {fileID: 0}
  m_PrefabInternal: {fileID: 100100000}
  m_GameObject: {fileID: 1280335779110600}
  m_Enabled: 1
  m_EditorHideFlags: 0
  m_Script: {fileID: 11500000, guid: 9d1c666745c54304c9dc5ff9c9a2b657, type: 3}
  m_Name: 
  m_EditorClassIdentifier: 
  coolDownTime: 15
--- !u!114 &114799646553169144
MonoBehaviour:
  m_ObjectHideFlags: 1
  m_CorrespondingSourceObject: {fileID: 0}
  m_PrefabInternal: {fileID: 100100000}
  m_GameObject: {fileID: 1280335779110600}
  m_Enabled: 1
  m_EditorHideFlags: 0
  m_Script: {fileID: 11500000, guid: 2a3f1eacbc6a80a47a39d0f2195316f2, type: 3}
  m_Name: 
  m_EditorClassIdentifier: 
--- !u!114 &114906338181416422
MonoBehaviour:
  m_ObjectHideFlags: 1
  m_CorrespondingSourceObject: {fileID: 0}
  m_PrefabInternal: {fileID: 100100000}
  m_GameObject: {fileID: 1280335779110600}
  m_Enabled: 1
  m_EditorHideFlags: 0
  m_Script: {fileID: 11500000, guid: a09c1e43384b2884799368dd0246edba, type: 3}
  m_Name: 
  m_EditorClassIdentifier: 
  castTime: 0.5
  animationTime: 0.82
